<record><leader>00000cas a22000007a 4500</leader><controlfield tag="001">27123242</controlfield><controlfield tag="008">921215d19301930nyuwr ne      0    0eng d</controlfield><datafield ind1=" " ind2=" " tag="010"><subfield code="a">sn 92060612 </subfield></datafield><datafield ind1=" " ind2=" " tag="040"><subfield code="a">YOX</subfield><subfield code="b">eng</subfield><subfield code="c">YOX</subfield><subfield code="d">OCLCQ</subfield><subfield code="d">OCLCF</subfield><subfield code="d">OCLCO</subfield></datafield><datafield ind1=" " ind2=" " tag="042"><subfield code="a">msc</subfield></datafield><datafield ind1="0" ind2="0" tag="245"><subfield code="a">Street and highway traffic news.</subfield></datafield><datafield ind1=" " ind2=" " tag="260"><subfield code="a">New York, N.Y. :</subfield><subfield code="b">Street Traffic News</subfield></datafield><datafield ind1=" " ind2=" " tag="300"><subfield code="a">v.</subfield></datafield><datafield ind1=" " ind2=" " tag="310"><subfield code="a">Weekly</subfield></datafield><datafield ind1="0" ind2=" " tag="362"><subfield code="a">Vol. 1, no. 24 (June 11, 1930)-v. 2, no. 8 (Aug. 20, 1930).</subfield></datafield><datafield ind1=" " ind2=" " tag="500"><subfield code="a">"Regulation - construction - maintenance."</subfield></datafield><datafield ind1=" " ind2="0" tag="650"><subfield code="a">City traffic</subfield><subfield code="v">Newspapers.</subfield></datafield><datafield ind1=" " ind2="0" tag="650"><subfield code="a">Roads</subfield><subfield code="v">Newspapers.</subfield></datafield><datafield ind1=" " ind2="7" tag="655"><subfield code="a">Newspapers.</subfield><subfield code="2">fast</subfield><subfield code="0">(OCoLC)fst01423814</subfield></datafield><datafield ind1=" " ind2="7" tag="650"><subfield code="a">City traffic.</subfield><subfield code="2">fast</subfield><subfield code="0">(OCoLC)fst00862297</subfield></datafield><datafield ind1=" " ind2="7" tag="650"><subfield code="a">Roads.</subfield><subfield code="2">fast</subfield><subfield code="0">(OCoLC)fst01098511</subfield></datafield><datafield ind1=" " ind2=" " tag="752"><subfield code="a">United States</subfield><subfield code="b">New York</subfield><subfield code="c">New York</subfield><subfield code="d">New York.</subfield></datafield><datafield ind1="0" ind2="0" tag="780"><subfield code="t">Street traffic news</subfield><subfield code="w">(DLC)sn 92060611</subfield></datafield></record>